<?xml version="1.0" encoding="UTF-8"?><record xmlns="http://www.loc.gov/MARC21/slim" xmlns:cinclude="http://apache.org/cocoon/include/1.0" xmlns:zs="http://www.loc.gov/zing/srw/">
  <leader>00695cz  a2200169n  4500</leader>
  <controlfield tag="001">n 2002031470</controlfield>
  <controlfield tag="003">DLC</controlfield>
  <controlfield tag="005">20040603133513.0</controlfield>
  <controlfield tag="008">020426n| acannaabn          |a ana      </controlfield>
  <datafield tag="010" ind1=" " ind2=" ">
    <subfield code="a">n 2002031470</subfield>
  </datafield>
  <datafield tag="040" ind1=" " ind2=" ">
    <subfield code="a">DLC</subfield>
    <subfield code="b">eng</subfield>
    <subfield code="c">DLC</subfield>
    <subfield code="d">DLC</subfield>
  </datafield>
  <datafield tag="110" ind1="2" ind2=" ">
    <subfield code="a">Archivio di stato di Cosenza</subfield>
  </datafield>
  <datafield tag="410" ind1="1" ind2=" ">
    <subfield code="a">Cosenza (Italy).</subfield>
    <subfield code="b">Archivio di stato</subfield>
  </datafield>
  <datafield tag="410" ind1="2" ind2=" ">
    <subfield code="a">Archivio di Stato di Cosenza e sezione di Castrovillari</subfield>
  </datafield>
  <datafield tag="410" ind1="2" ind2=" ">
    <subfield code="a">Archivio di Stato, Cosenza e sezione di Castrovillari</subfield>
  </datafield>
  <datafield tag="670" ind1=" " ind2=" ">
    <subfield code="a">Momenti del 1799 in provincia di Cosenza, 1999:</subfield>
    <subfield code="b">t.p. (Archivio di stato di Cosenza)</subfield>
  </datafield>
  <datafield tag="670" ind1=" " ind2=" ">
    <subfield code="a">Archivio di Stato di Cosenza e sezione di Castrovillari, 2001:</subfield>
    <subfield code="b">cover (Archivio di Stato, Cosenza e sezione di Castrovillari)</subfield>
  </datafield>
</record>